% Encoding: windows-1252

@article{buterin2013ethereum,
	title={Ethereum white paper},
	author={Buterin, Vitalik and others},
	journal={GitHub repository},
	volume={1},
	pages={22--23},
	year={2013}
}

@article{buterin2014ethereum,
	title={Ethereum: A next-generation smart contract and decentralized application platform},
	author={Buterin, Vitalik and others},
	journal={URL https://github. com/ethereum/wiki/wiki/\% 5BEnglish\% 5D-White-Paper},
	year={2014}
}

@article{wood2014ethereum,
	title={Ethereum: A secure decentralised generalised transaction ledger},
	author={Wood, Gavin and others},
	journal={Ethereum project yellow paper},
	volume={151},
	number={2014},
	pages={1--32},
	year={2014}
}

@book{dannen2017introducing,
	title={Introducing Ethereum and Solidity},
	author={Dannen, Chris},
	volume={1},
	year={2017},
	publisher={Springer}
}

@book{van2014encyclopedia,
	title={Encyclopedia of cryptography and security},
	author={Van Tilborg, Henk CA and Jajodia, Sushil},
	year={2014},
	publisher={Springer Science \& Business Media}
}

@article{nakamoto2008peer,
	title={A peer-to-peer electronic cash system},
	author={Nakamoto, Satoshi and Bitcoin, A},
	journal={Bitcoin.--URL: https://bitcoin. org/bitcoin. pdf},
	year={2008}
}

@article{back2002hashcash,
	title={Hashcash-a denial of service counter-measure},
	author={Back, Adam and others},
	year={2002}
}

@inproceedings{herlihy2018atomic,
	title={Atomic cross-chain swaps},
	author={Herlihy, Maurice},
	booktitle={Proceedings of the 2018 ACM symposium on principles of distributed computing},
	pages={245--254},
	year={2018}
}

@article{bang2007theory,
	title={Theory, algorithms and applications},
	author={Bang-Jensen, J{\o}rgen and Gutin, Gregory},
	journal={Springer Monographs in Mathematics, Springer-Verlag London Ltd., London},
	volume={101},
	year={2007}
}

@misc{alonso2020zero,
	title={Zero to Monero},
	author={Alonso, Kurt M},
	year={2020}
}

@article{noether2016ring,
	title={Ring confidential transactions},
	author={Noether, Shen and Mackenzie, Adam and others},
	journal={Ledger},
	volume={1},
	pages={1--18},
	year={2016}
}

@misc{van2013cryptonote,
	title={CryptoNote v 2.0},
	author={Van Saberhagen, Nicolas},
	year={2013}
}

@inproceedings{kiayias2017ouroboros,
	title={Ouroboros: A provably secure proof-of-stake blockchain protocol},
	author={Kiayias, Aggelos and Russell, Alexander and David, Bernardo and Oliynykov, Roman},
	booktitle={Annual International Cryptology Conference},
	pages={357--388},
	year={2017},
	organization={Springer}
}

@inproceedings{kiayias2019proof,
	title={Proof-of-work sidechains},
	author={Kiayias, Aggelos and Zindros, Dionysis},
	booktitle={International Conference on Financial Cryptography and Data Security},
	pages={21--34},
	year={2019},
	organization={Springer}
}

@article{wood2016polkadot,
	title={Polkadot: Vision for a heterogeneous multi-chain framework},
	author={Wood, Gavin},
	journal={White Paper},
	year={2016}
}

@article{buterin2017sharding,
	title={On sharding blockchains},
	author={Buterin, Vitalik},
	journal={Sharding FAQ},
	year={2017}
}

@article{poon2017plasma,
	title={Plasma: Scalable autonomous smart contracts},
	author={Poon, Joseph and Buterin, Vitalik},
	journal={White paper},
	pages={1--47},
	year={2017}
}

@article{garoffolo2020zendoo,
	title={Zendoo: a zk-SNARK Verifiable Cross-Chain Transfer Protocol Enabling Decoupled and Decentralized Sidechains},
	author={Garoffolo, Alberto and Kaidalov, Dmytro and Oliynykov, Roman},
	journal={arXiv preprint arXiv:2002.01847},
	year={2020}
}

@article{robinson2019atomic,
	title={Atomic crosschain transactions for ethereum private sidechains},
	author={Robinson, Peter and Hyland-Wood, David and Saltini, Roberto and Johnson, Sandra and Brainard, John},
	journal={arXiv preprint arXiv:1904.12079},
	year={2019}
}

@article{borkowski2018caught,
	title={Caught in chains: Claim-first transactions for cross-blockchain asset transfers},
	author={Borkowski, Michael and Ritzer, Christoph and McDonald, Daniel and Schulte, Stefan},
	journal={Technische Universit{\"a}t Wien, Whitepaper},
	year={2018}
}

@article{dagher2017towards,
	title={Towards Secure Interoperability between Heterogeneous Blockchains using Smart Contracts},
	author={Dagher, Gaby G and Adhikari, Chandra L and Enderson, Tyler},
	journal={no. November},
	year={2017}
}

@article{borkowski2019dextt,
	title={DeXTT: Deterministic Cross-Blockchain Token Transfers},
	author={Borkowski, Michael and Sigwart, Marten and Frauenthaler, Philipp and Hukkinen, Taneli and Schulte, Stefan},
	journal={IEEE Access},
	volume={7},
	pages={111030--111042},
	year={2019},
	publisher={IEEE}
}

@article{kwon2014tendermint,
	title={Tendermint: Consensus without mining},
	author={Kwon, Jae},
	journal={Draft v. 0.6, fall},
	volume={1},
	number={11},
	year={2014}
}

@inproceedings{castro1999practical,
	title={Practical Byzantine fault tolerance},
	author={Castro, Miguel and Liskov, Barbara and others},
	booktitle={OSDI},
	volume={99},
	number={1999},
	pages={173--186},
	year={1999}
}

@phdthesis{buchman2016tendermint,
	title={Tendermint: Byzantine fault tolerance in the age of blockchains},
	author={Buchman, Ethan},
	year={2016}
}

@article{kwon2018network,
	title={A Network of Distributed Ledgers},
	author={Kwon, Jae and Buchman, Ethan},
	journal={Cosmos, dated},
	pages={1--41},
	year={2018}
}

@article{johnson2019sidechains,
	title={Sidechains and interoperability},
	author={Johnson, Sandra and Robinson, Peter and Brainard, John},
	journal={arXiv preprint arXiv:1903.04077},
	year={2019}
}

@article{back2014enabling,
	title={Enabling blockchain innovations with pegged sidechains},
	author={Back, Adam and Corallo, Matt and Dashjr, Luke and Friedenbach, Mark and Maxwell, Gregory and Miller, Andrew and Poelstra, Andrew and Tim{\'o}n, Jorge and Wuille, Pieter},
	journal={URL: http://www. opensciencereview. com/papers/123/enablingblockchain-innovations-with-pegged-sidechains},
	volume={72},
	year={2014}
}

@article{buterin2016chain,
	title={Chain interoperability},
	author={Buterin, Vitalik},
	journal={R3 Research Paper},
	year={2016}
}

@article{kiayias2017non,
	title={Non-Interactive Proofs of Proof-of-Work.},
	author={Kiayias, Aggelos and Miller, Andrew and Zindros, Dionysis},
	journal={IACR Cryptology ePrint Archive},
	volume={2017},
	number={963},
	pages={1--42},
	year={2017}
}

@article{maxwell2015borromean,
	title={Borromean ring signatures},
	author={Maxwell, Gregory and Poelstra, Andrew},
	journal={Accessed: Jun},
	volume={8},
	pages={2019},
	year={2015}
}

@inproceedings{coron2005merkle,
	title={Merkle-Damg{\aa}rd revisited: How to construct a hash function},
	author={Coron, Jean-S{\'e}bastien and Dodis, Yevgeniy and Malinaud, C{\'e}cile and Puniya, Prashant},
	booktitle={Annual International Cryptology Conference},
	pages={430--448},
	year={2005},
	organization={Springer}
}

@TechReport{isoSHA-256,
	Author = {ISO/IEC 10118-3},
	Title = {Information technology - security techniques - hash functions - Part 3: Dedicated hash-functions},
	Institution = {},
	Year = {2003}
}

@inproceedings{vujivcic2018blockchain,
	title={Blockchain technology, bitcoin, and Ethereum: A brief overview},
	author={Vuji{\v{c}}i{\'c}, Dejan and Jagodi{\'c}, Dijana and Ran{\dj}i{\'c}, Sini{\v{s}}a},
	booktitle={2018 17th international symposium infoteh-jahorina (infoteh)},
	pages={1--6},
	year={2018},
	organization={IEEE}
}

@book{tapscott2016blockchain,
	title={Blockchain revolution: how the technology behind bitcoin is changing money, business, and the world},
	author={Tapscott, Don and Tapscott, Alex},
	year={2016},
	publisher={Penguin}
}

@article{miller1997future,
	title={The Future of Law},
	author={Miller, Mark},
	journal={paper delivered at the Extro},
	volume={3},
	year={1997}
}

@article{szabo1997formalizing,
	title={Formalizing and securing relationships on public networks},
	author={Szabo, Nick},
	journal={First Monday},
	year={1997}
}

@book{chartrand2010graphs,
	title={Graphs \& digraphs},
	author={Chartrand, Gary and Lesniak, Linda and Zhang, Ping},
	volume={39},
	year={2010},
	publisher={CRC press}
}

@inproceedings{li2019research,
	title={Research and Implementation of Multi-chain Digital Wallet Based on Hash TimeLock},
	author={Li, Zujian and Zhang, Zhihong},
	booktitle={International Conference on Blockchain and Trustworthy Systems},
	pages={175--182},
	year={2019},
	organization={Springer}
}

@book{weikum2001transactional,
	title={Transactional information systems: theory, algorithms, and the practice of concurrency control and recovery},
	author={Weikum, Gerhard and Vossen, Gottfried},
	year={2001},
	publisher={Elsevier}
}